@book{aigner_2011_visualization,
	address = {London, {UK}},
	series = {{HumancComputer} Interaction Series},
	title = {Visualization of Time-Oriented Data},
	isbn = {978-0-85729-078-6},
	url = {http://www.springerlink.com/content/m3lh28/#section=899765&page=1},
	urldate = {2012-08-29},
	publisher = {Springer Verlag},
	author = {Aigner, Wolfgang and Miksch, Silvia and Schumann, Heidrun and Tominski, Christian},
	year = {2011}
},